%----------------------------------------------------------------------------------------
%	BIBLIOGRAPHY
%----------------------------------------------------------------------------------------

% A useful method for incorporating citations with ease is through the use of applications
% like Mendeley Reference Manager, JabRef and Zotero, with which the institute has a paid 
% membership for/ is free. These have an inbuilt feature to export as bibtex files.
% To rearrange the order of citations, look into bibliography styles.
% Multiple citation generation sites with BiBTeX support are available as well, like Google Scholar, Researchgate, etc.

% Samples:

% @article{egcitation,
%     author = {Mih\u{a}ilescu, Preda},
%     year = {2004},
%     month = {01},
%     title = {Primary cyclotomic units and a proof of Catalan's conjecture},
%     volume = {2004},
%     journal = {Journal f√ºr die reine und angewandte Mathematik (Crelles Journal)},
%     doi = {10.1515/crll.2004.048}
% }

% @article{Bahri,
%    author = {A. Bahri and P. L. Lions},
%    doi = {10.1002/cpa.3160410803},
%    issn = {00103640},
%    issue = {8},
%    journal = {Communications on Pure and Applied Mathematics},
%    month = {12},
%    pages = {1027-1037},
%    title = {Morse index of some min-max critical points. I. Application to multiplicity results},
%    volume = {41},
%    year = {1988},
% }

@book{SMSB,
  title={Stochastic Modelling for Systems Biology, Third Edition},
  author={Darren J. Wilkinson},
  isbn={9780367656935},
  url={https://www.routledge.com/Stochastic-Modelling-for-Systems-Biology-Third-Edition/Wilkinson/p/book/9780367656935},
  year={2019},
  publisher={Chapman & Hall}
}